@article{linfeng,
  title={Git教程},
  author={廖雪峰},
  url={https://www.liaoxuefeng.com/wiki/896043488029600},
}

@article{wang,
  title={Paticle swarm optimization-based sub-pixel mapping for remote-sensing imagery},
  author={Qunming Wang,Liguo Wang,Danfeng Liu},
  journal={International Journal of Remote Sensing},
  volume={33},
  number={20},
  pages={6480-6496},
  year={2012},
}
